@book{dor96,
	author = "Dorronsoro, José and Hernandez, Eugenio",
	title = "Némeros, Grupos y Anillos",
	year = "1996",
	publisher = "Addison-Wesley Iberoamericana, S.A. - Universidad Autónoma de Madrid",
	location = "Madrid",
	isbn = "84-7829-009-5"
}

@online{d4sub,
	author = "David Eppstein",
	title = "Dih4 subgroups",
	date = "2006-10-20",
	url = "https://commons.wikimedia.org/wiki/File:Dih4_subgroups.svg"
}
